@Online{whittle15_dragons,
	Title                    = {Path Traced Glass Dragons},
	Author                   = {Joss Whittle},
	Year                     = {2015},
	
}

@Online{sizeofinternet,
	Author                   = {{Internet Live Stats}},
	Year                     = {2020},
	url                      = {https://www.internetlivestats.com},
}

@Online{gwern,
	Title                    = {Internet Search Tips},
	Author                   = {Gwern Branwen},
	Year                     = {2020},
	url                      = {https://www.gwern.net/Search},
}

@Online{texnique,
	Title                    = {TeXnique},
	Author                   = {Akshay Ravikumar},
	Year                     = {2019},
	url                      = {https://texnique.xyz},
}

@Online{texstackexchange,
	Title                    = {TeX StackExchange},
	Author                   = {{Stack Overflow}},
	Year                     = {2008},
	url                      = {https://tex.stackexchange.com},
}

@Online{overleafdocs,
	Title                    = {Overleaf Documentation},
	Author                   = {{Overleaf}},
	Year                     = {2020},
	url                      = {https://www.overleaf.com/learn},
}

@Online{mendeley,
	Title                    = {Mendeley},
	Author                   = {{RELX Group}},
	Year                     = {2019},
	url                      = {https://www.mendeley.com},
}

@Online{arxiv,
	Title                    = {arXiv},
	Author                   = {{Cornell University}},
	Year                     = {1991},
	url                      = {https://arxiv.org},
}

@Online{paperswithcode,
	Title                    = {Papers With Code},
	Author                   = {{Atlas ML}},
	Year                     = {2020},
	url                      = {https://paperswithcode.com},
}

@Online{highlighter,
	Title                    = {Slides Code Highlighter},
	Author                   = {Roman Nurik},
	Year                     = {2017},
	url                      = {https://romannurik.github.io/SlidesCodeHighlighter},
}

@INPROCEEDINGS{kaj86,
    author    = {Kajiya, James T.},
    title     = {The Rendering Equation},
    booktitle = {Proceedings of the 13th Annual Conference on Computer Graphics and Interactive Techniques},
    year      = {1986},
    series    = {SIGGRAPH '86},
    pages     = {143--150},
    address   = {New York, NY, USA},
    publisher = {ACM},
    isbn      = {0-89791-196-2},
    numpages  = {8},
    acmid     = {15902}
}

@Online{r_project,
	Title = {What is R?},
	Author = {{The R Foundation}},
	Year = {2020},
	url = {https://www.r-project.org/about.html},
	accessed = {09/08/20},
	
}

@Online{9to5mac,
	Title = {Apple hits 1.5 billion active devices with ~80% of recent iPhones and iPads running iOS 13},
	Author = {Michael Potuck},
	Year = {2020},
	url = {https://9to5mac.com/2020/01/28/apple-hits-1-5-billion-active-devices-with-80-of-recent-iphones-and-ipads-running-ios-13/},
	accessed = {09/08/20},
}

@Online{swift,
	Title = {Swift},
	Author = {{Apple Inc.}},
	Year = {2020},
	url = {https://developer.apple.com/documentation/swift},
	accessed = {09/08/20},
}

@Online{hackr.io,
	Title = {Best Programming Language to Learn in 2020 (for Job and Future)},
	Author = {Aman Goel},
	Year = {2020},
	url = {https://hackr.io/blog/best-programming-languages-to-learn-2020-jobs-future},
	accessed = {09/08/20},
}

@Online{wired_python,
	Title = {Python Is More Popular Than Ever},
	Author = {Klint Finley},
	Year = {2020},
	url = {https://www.wired.com/story/python-language-more-popular-than-ever/},
	accessed = {09/08/20},
}

@Online{sof_dev_servay20,
	Title = {The 2020 Developer Survey results are here!},
	Author = {Ben Popper},
	Year = {2020},
	url = {https://stackoverflow.blog/2020/05/27/2020-stack-overflow-developer-survey-results/},
	accessed = {09/08/20},
}

@Online{python_desc,
	Title = {What is Python? Executive Summary},
	Author = {{Python Software Foundation}},
	Year = {2020},
	url = {https://www.python.org/doc/essays/blurb/},
	accessed = {09/08/20},
}

sto_cpython

@Online{sto_cpython,
	Title = {Python vs Cpythony},
	Author = {{Stack Overflow}},
	Year = {2013},
	url = {https://stackoverflow.com/questions/17130975/python-vs-cpython},
	accessed = {10/08/20},
}

@Online{python_comparison,
	Title = {Comparing Python to Other Languages},
	Author = {{Python Software Foundation}},
	Year = {2020},
	url = {https://www.python.org/doc/essays/comparisons/},
	accessed = {10/08/20},
}

@Online{r_vs_py,
	Title = {R Vs Python: Whatâ€™s the Difference?},
	Author = {{Guru 99}},
	Year = {2020},
	url = {https://www.guru99.com/r-vs-python.html#:~:text=New%20libraries%20or%20tools%20are,general%20approach%20to%20data%20science.&text=Python%20is%20a%20general%2Dpurpose,and%20encompasses%20their%20specific%20language.},
	accessed = {10/08/20},
}

@MISC{py_ja_c++,
	author = {{Things Tech}},
	title = {Which programming language to start with as a beginner},
	Year = {2020},
	note = {[Online; accessed August 10th, 2020]},
	url = {https://thingsteck.wordpress.com/}
}

@Online{securitytoday,
	Title = {The IoT Rundown For 2020: Stats, Risks, and Solutions},
	Author = {Gilad David Maayan},
	Year = {2020},
	url = {https://securitytoday.com/Articles/2020/01/13/The-IoT-Rundown-for-2020.aspx?Page=1},
	accessed = {11/08/20},
}

@Online{statista_iot,
	Title = {Internet of Things (IoT) connected devices installed base worldwide from 2015 to 2025},
	Author = {{Statista}},
	Year = {2020},
	url = {https://www.statista.com/statistics/471264/iot-number-of-connected-devices-worldwide/},
	accessed = {11/08/20},
}

@Online{web_foundation,
	Title = {History of the Web},
	Author = {{World Wide Web Foundation}},
	Year = {2020},
	url = {https://webfoundation.org/about/vision/history-of-the-web/},
	accessed = {11/08/20},
}

@Online{css_history,
	Title = {A brief history of CSS until 2016},
	Author = {{W3C}},
	Year = {2016},
	url = {https://www.w3.org/Style/CSS20/history.html},
	accessed = {11/08/20},
}


@Online{js_springboard,
	Title = {The History of JavaScript: Everything You Need to Know},
	Author = {T.J. DeGroat},
	Year = {2019},
	url = {https://www.springboard.com/blog/history-of-javascript/},
	accessed = {11/08/20},
}

@Online{pygame_wiki,
	Title = {About},
	Author = {{Pygame}},
	Year = {2020},
	url = {https://www.pygame.org/wiki/about},
	accessed = {11/08/20},
}

@Online{pyqt_rbc,
	Title = {What is PyQt?},
	Author = {{Riverbank Computing}},
	Year = {2020},
	url = {https://riverbankcomputing.com/software/pyqt/intro},
	accessed = {11/08/20},
}
