@INPROCEEDINGS{kaj86,
    author    = {Kajiya, James T.},
    title     = {The Rendering Equation},
    booktitle = {Proceedings of the 13th Annual Conference on Computer Graphics and Interactive Techniques},
    year      = {1986},
    series    = {SIGGRAPH '86},
    pages     = {143--150},
    address   = {New York, NY, USA},
    publisher = {ACM},
    isbn      = {0-89791-196-2},
    numpages  = {8},
    acmid     = {15902}
}